% Encoding: UTF-8

@book{1_clements2002,
  title={Software product lines: practices and patterns},
  author={Clements, Paul and Northrop, Linda},
  volume={3},
  year={2002},
  publisher={Addison-Wesley Reading}
}

@inproceedings{lima2017investigating,
  title={Investigating the recovery of product line architectures: an approach proposal},
  author={Lima, Crescencio and Chavez, Christina and de Almeida, Eduardo Santana},
  booktitle={International Conference on Software Reuse},
  pages={201--207},
  year={2017},
  organization={Springer}
}

@article{abdellatiftaxonomy,
  title={A Taxonomy of Service Identification Approaches},
  author={Abdellatif, Manel and Shatnawi, Anas and Mili, Hafedh and Moha, Naouel and El Boussaidi, Ghizlane and Hecht, Geoffrey and Privat, Jean and Gu{\'e}h{\'e}neuc, Yann-Ga{\"e}l}
}

@inproceedings{businge2018clone,
  title={Clone-Based Variability Management in the Android Ecosystem},
  author={Businge, John and Openja, Moses and Nadi, Sarah and Bainomugisha, Engineer and Berger, Thorsten},
  booktitle={2018 IEEE International Conference on Software Maintenance and Evolution (ICSME)},
  pages={625--634},
  year={2018},
  organization={IEEE}
}

@inproceedings{carbonnel2017feature,
  title={Feature model composition assisted by formal concept analysis},
  author={Carbonnel, Jessie and Huchard, Marianne and Miralles, Andr{\'e} and Nebut, Cl{\'e}mentine},
  booktitle={ENASE: Evaluation of Novel Approaches to Software Engineering},
  pages={27--37},
  year={2017},
  organization={SciTePress}
}



@inproceedings{shatnawi2018identifying,
  title={Identifying software components from object-oriented APIs based on dynamic analysis},
  author={Shatnawi, Anas and Shatnawi, Hudhaifa and Saied, Mohamed Aymen and Shara, Zakarea Al and Sahraoui, Houari and Seriai, Abdelhak},
  booktitle={Proceedings of the 26th Conference on Program Comprehension},
  pages={189--199},
  year={2018},
  organization={ACM}
}

@article{rathee2019multi,
  title={A multi-objective search based approach to identify reusable software components},
  author={Rathee, Amit and Chhabra, Jitender Kumar},
  journal={Journal of Computer Languages},
  volume={52},
  pages={26--43},
  year={2019},
  publisher={Elsevier}
}

@book{cormen2009introduction,
  title={Introduction to algorithms},
  author={Cormen, Thomas H and Leiserson, Charles E and Rivest, Ronald L and Stein, Clifford},
  year={2009},
  publisher={MIT press}
}



@inproceedings{liu2018component,
  title={Component interface identification and behavioral model discovery from software execution data},
  author={Liu, Cong and van Dongen, Boudewijn and Assy, Nour and van der Aalst, Wil MP},
  booktitle={Proceedings of the 26th Conference on Program Comprehension},
  pages={97--107},
  year={2018},
  organization={ACM}
}


@inproceedings{seriai2014deriving,
  title={Deriving component interfaces after a restructuring of a legacy system},
  author={Seriai, Abderrahmane and Sadou, Salah and Sahraoui, Houari and Hamza, Salma},
  booktitle={2014 IEEE/IFIP Conference on Software Architecture (WICSA)},
  pages={31--40},
  year={2014},
  organization={IEEE}
}

@article{shatnawi2017recovering,
  title={Recovering software product line architecture of a family of object-oriented product variants},
  author={Shatnawi, Anas and Seriai, Abdelhak-Djamel and Sahraoui, Houari},
  journal={Journal of Systems and Software},
  volume={131},
  pages={325--346},
  year={2017},
  publisher={Elsevier}
}

@incollection{22_wu2011recovering,
  title={Recovering object-oriented framework for software product line reengineering},
  author={Wu, Y. and Yang, Y. and Peng, X. and Qiu, C. and Zhao, W.},
  booktitle={Top Productivity through Software Reuse},
  pages={119--134},
  year={2011},
  publisher={Springer}
}

@inproceedings{capiluppi2018national,
  title={National boundaries and semantics of artefacts in open source development},
  author={Capiluppi, Andrea and Ajienka, Nemitari},
  booktitle={2018 IEEE/ACM 1st International Workshop on Software Health (SoHeal)},
  pages={33--39},
  year={2018},
  organization={IEEE}
}

@inproceedings{shatnawi2017analyzing,
  title={Analyzing program dependencies in java ee applications},
  author={Shatnawi, Anas and Mili, Hafedh and El Boussaidi, Ghizlane and Boubaker, Anis and Gu{\'e}h{\'e}neuc, Yann-Ga{\"e}l and Moha, Naouel and Privat, Jean and Abdellatif, Manel},
  booktitle={Mining Software Repositories (MSR), 2017 IEEE/ACM 14th International Conference on},
  pages={64--74},
  year={2017},
  organization={IEEE}
}


@article{ducasse2009software,
  title={Software architecture reconstruction: A process-oriented taxonomy},
  author={Ducasse, Stephane and Pollet, Damien},
  journal={IEEE Transactions on Software Engineering},
  volume={35},
  number={4},
  pages={573--591},
  year={2009},
  publisher={IEEE}
}


@inproceedings{debaud1998pulse,
  title={PuLSE-DSSA-a method for the development of software reference architectures},
  author={DeBaud, Jean-Marc and Flege, Oliver and Knauber, Peter},
  booktitle={Proceedings of the third international workshop on Software architecture},
  pages={25--28},
  year={1998},
  organization={ACM}
}

@book{3_pohl2005software,
  title={Software product line engineering},
  author={Pohl, K. and B{\"o}ckle, G. and Van Der Linden, F.},
  volume={10},
  year={2005},
  publisher={Springer}
}

@INPROCEEDINGS{Gomaa,
author={Gomaa, H.},
booktitle={Software Engineering Workshop - Tutorial Notes, 2005. 29th Annual IEEE/NASA},
title={Designing Software Product Lines with UML},
year={2005},
month={April},
pages={160-216},
keywords={Books;Permission;Product design;Programming;Software architecture;Software design;Software development management;Software engineering;Software systems;Unified modeling language},
doi={10.1109/SEW.2005.5},}

@techreport{7_kang1990feature,
  title={Feature-oriented domain analysis (FODA) feasibility study},
  author={Kang, Kyo C and Cohen, Sholom G and Hess, James A and Novak, William E and Peterson, A Spencer},
  year={1990},
  institution={Carnegie-Mellon Univ Pittsburgh Pa Software Engineering Inst}
}

@inproceedings{nakagawa2011reference,
  title={Reference architecture and product line architecture: A subtle but critical difference},
  author={Nakagawa, Elisa Yumi and Antonino, Pablo Oliveira and Becker, Martin},
  booktitle={European Conference on Software Architecture},
  pages={207--211},
  year={2011},
  organization={Springer}
}

@inproceedings{magee1996dynamic,
  title={Dynamic structure in software architectures},
  author={Magee, Jeff and Kramer, Jeff},
  booktitle={ACM SIGSOFT Software Engineering Notes},
  volume={21},
  number={6},
  pages={3--14},
  year={1996},
  organization={ACM}
}

@techreport{luckham1996rapide,
  title={Rapide: A language and toolset for simulation of distributed systems by partial orderings of events},
  author={Luckham, D},
  year={1996}
  institution={Stanford University}
}

@incollection{canal1999specification,
  title={Specification and refinement of dynamic software architectures},
  author={Canal, Calos and Pimentel, Ernesto and Troya, Jos{\'e} M},
  booktitle={Software Architecture},
  pages={107--125},
  year={1999},
  publisher={Springer}
}

@inproceedings{fischer2014enhancing,
  title={Enhancing clone-and-own with systematic reuse for developing software variants},
  author={Fischer, Stefan and Linsbauer, Lukas and Lopez-Herrejon, Roberto Erick and Egyed, Alexander},
  booktitle={Software Maintenance and Evolution (ICSME), 2014 IEEE International Conference on},
  pages={391--400},
  year={2014},
  organization={IEEE}
}

@inproceedings{dubinsky2013exploratory,
  title={An exploratory study of cloning in industrial software product lines},
  author={Dubinsky, Yael and Rubin, Julia and Berger, Thorsten and Duszynski, Slawomir and Becker, Martin and Czarnecki, Krzysztof},
  booktitle={Software Maintenance and Reengineering (CSMR), 2013 17th European Conference on},
  pages={25--34},
  year={2013},
  organization={IEEE}
}

@incollection{gasparic2014analysis,
  title={An Analysis of a Project Reuse Approach in an Industrial Setting},
  author={Gasparic, Marko and Janes, Andrea and Sillitti, Alberto and Succi, Giancarlo},
  booktitle={Software Reuse for Dynamic Systems in the Cloud and Beyond},
  pages={164--171},
  year={2014},
  publisher={Springer}
}

@article{chikofsky1990reverse,
	title={Reverse engineering and design recovery: A taxonomy},
	author={Chikofsky, Elliot J and Cross, James H and others},
	journal={Software, IEEE},
	volume={7},
	number={1},
	pages={13--17},
	year={1990},
	publisher={IEEE}
}

@article{mende2009evaluation,
	title={An evaluation of code similarity identification for the grow-and-prune model},
	author={Mende, Thilo and Koschke, Rainer and Beckwermert, Felix},
	journal={Journal of Software Maintenance and Evolution: Research and Practice},
	volume={21},
	number={2},
	pages={143--169},
	year={2009},
	publisher={Wiley Online Library}
}

@inproceedings{Yuan2014,
	author = {Yuan, Eric and Esfahani, Naeem and Malek, Sam},
	title = {Automated Mining of Software Component Interactions for Self-adaptation},
	booktitle = {Proceedings of the 9th International Symposium on Software Engineering for Adaptive and Self-Managing Systems},
	series = {SEAMS 2014},
	year = {2014},
	isbn = {978-1-4503-2864-7},
	location = {Hyderabad, India},
	pages = {27--36},
	numpages = {10},
	url = {http://doi.acm.org/10.1145/2593929.2593934},
	doi = {10.1145/2593929.2593934},
	acmid = {2593934},
	publisher = {ACM},
	address = {New York, NY, USA},
	keywords = {Component-Based Software, Data Mining, Self-Adaptation},
} 

@incollection{pinzger2004architecture,
	title={Architecture recovery for product families},
	author={Pinzger, Martin and Gall, Harald and Girard, Jean-Francois and Knodel, Jens and Riva, Claudio and Pasman, Wim and Broerse, Chris and Wijnstra, Jan Gerben},
	booktitle={Software Product-Family Engineering},
	pages={332--351},
	year={2004},
	publisher={Springer}
}

@inproceedings{moshkenani2012improving,
	title={Improving Na{\"\i}ve Bayes Classifier for Software Architecture Reconstruction},
	author={Moshkenani, Zahra Sadri and Sharafi, Sayed Mehran and Zamani, Bahman},
	booktitle={Instrumentation \& Measurement, Sensor Network and Automation (IMSNA), 2012 International Symposium on},
	volume={2},
	pages={383--388},
	year={2012},
	organization={IEEE}
}

@inproceedings{kolb2005case,
	title={A case study in refactoring a legacy component for reuse in a product line},
	author={Kolb, Ronny and Muthig, Dirk and Patzke, Thomas and Yamauchi, Kazuyuki},
	booktitle={Proceedings of the 21st IEEE International Conference on Software Maintenance (ICSM 2005)},
	pages={369--378},
	year={2005},
	organization={IEEE}
}


@inproceedings{shatnawi2017analyzing,
  title={Analyzing program dependencies in java ee applications},
  author={Shatnawi, Anas and Mili, Hafedh and El Boussaidi, Ghizlane and Boubaker, Anis and Gu{\'e}h{\'e}neuc, Yann-Ga{\"e}l and Moha, Naouel and Privat, Jean and Abdellatif, Manel},
  booktitle={Mining Software Repositories (MSR), 2017 IEEE/ACM 14th International Conference on},
  pages={64--74},
  year={2017},
  organization={IEEE}
}

@article{shatnawi2017recovering,
  title={Recovering software product line architecture of a family of object-oriented product variants},
  author={Shatnawi, Anas and Seriai, Abdelhak-Djamel and Sahraoui, Houari},
  journal={Journal of Systems and Software},
  volume={131},
  pages={325--346},
  year={2017},
  publisher={Elsevier}
}

@inproceedings{frenzel2007extending,
	title={Extending the reflexion method for consolidating software variants into product lines},
	author={Frenzel, Pierre and Koschke, Rainer and Breu, Andreas PJ and Angstmann, Karsten},
	booktitle={14th Working Conference on Reverse Engineering (WCRE)},
	pages={160--169},
	year={2007},
	organization={IEEE}
}


@article{koschke2009extending,
	title={Extending the reflexion method for consolidating software variants into product lines},
	author={Koschke, Rainer and Frenzel, Pierre and Breu, Andreas PJ and Angstmann, Karsten},
	journal={Software Quality Journal},
	volume={17},
	number={4},
	pages={331--366},
	year={2009},
	publisher={Springer}
}

@inproceedings{erdemir2011object,
	title={Object Oriented Software Clustering Based on Community Structure},
	author={Erdemir, Ural and Tekin, Umut and Buzluca, Feza},
	booktitle={2011 18th Asia Pacific Software Engineering Conference (APSEC)},
	pages={315--321},
	year={2011},
	organization={IEEE}
}

@article{kolb2006refactoring,
	title={Refactoring a legacy component for reuse in a software product line: a case study},
	author={Kolb, Ronny and Muthig, Dirk and Patzke, Thomas and Yamauchi, Kazuyuki},
	journal={Journal of Software Maintenance and Evolution: Research and Practice},
	volume={18},
	number={2},
	pages={109--132},
	year={2006},
	publisher={Wiley Online Library}
}

@incollection{kang2005feature,
	title={Feature-oriented re-engineering of legacy systems into product line assets--a case study},
	author={Kang, Kyo Chul and Kim, Moonzoo and Lee, Jaejoon and Kim, Byungkil},
	booktitle={Software Product Lines},
	pages={45--56},
	year={2005},
	publisher={Springer}
}

@inproceedings{langelier2005visualization,
	title={Visualization-based analysis of quality for large-scale software systems},
	author={Langelier, Guillaume and Sahraoui, Houari and Poulin, Pierre},
	booktitle={Proceedings of the 20th IEEE/ACM international Conference on Automated software engineering},
	pages={214--223},
	year={2005},
	organization={ACM}
}

@INPROCEEDINGS{Weinreich2012,
	author={Weinreich, R. and Miesbauer, C. and Buchgeher, G. and Kriechbaum, T.},
	booktitle={2012 Joint Working IEEE/IFIP Conference on Software Architecture (WICSA) and European Conference on Software Architecture (ECSA)},
	title={Extracting and Facilitating Architecture in Service-Oriented Software Systems},
	year={2012},
	month={Aug},
	pages={81-90},
	keywords={bank data processing;business data processing;information retrieval;service-oriented architecture;software maintenance;software quality;text analysis;SOA;architectural information extraction;architecture facilitation;banking domain;design tools;enterprise architecture management tools;quality assurance tasks;service registries;service repositories;service-oriented architecture architectural information;service-oriented software systems;synchronization;text documents;Business;Computer architecture;Data mining;Java;Object oriented modeling;Service oriented architecture;Unified modeling language;architectural views;architecture extraction;architecture visualization;service-oriented architecture (SOA)},
	doi={10.1109/WICSA-ECSA.212.16},}
	
@article{mishra2009creating,
	title={Creating Reusable Software Component from Object-Oriented Legacy System through Reverse Engineering.},
	author={Mishra, SK and Kushwaha, Dharmender Singh and Misra, Arun Kumar},
	journal={Journal of object technology},
	volume={8},
	number={5},
	pages={133--152},
	year={2009}
}

@article{lethbridge2003software,
	title={How software engineers use documentation: The state of the practice},
	author={Lethbridge, Timothy C and Singer, Janice and Forward, Andrew},
	journal={IEEE Software},
	volume={20},
	number={6},
	pages={35--39},
	year={2003},
	publisher={IEEE}
}

@inproceedings{mende2008supporting,
	title={Supporting the grow-and-prune model in software product lines evolution using clone detection},
	author={Mende, Thilo and Beckwermert, Felix and Koschke, Rainer and Meier, Gerald},
	booktitle={12th European Conference on Software Maintenance and Reengineering (CSMR)},
	pages={163--172},
	year={2008},
	organization={IEEE}
}

@inproceedings{Dugerdil:2013:DDT:2480362.2480602,
	author = {Dugerdil, Philippe and Sennhauser, David},
	title = {Dynamic Decision Tree for Legacy Use-case Recovery},
	booktitle = {Proceedings of the 28th Annual ACM Symposium on Applied Computing},
	series = {SAC '13},
	year = {2013},
	isbn = {978-1-4503-1656-9},
	location = {Coimbra, Portugal},
	pages = {1284--1291},
	numpages = {8},
	url = {http://doi.acm.org/10.1145/2480362.2480602},
	doi = {10.1145/2480362.2480602},
	acmid = {2480602},
	publisher = {ACM},
	address = {New York, NY, USA},
	keywords = {decision tree processing, dynamic analysis, use-case recovery},
} 

@inproceedings{allier2009identifying,
	title={Identifying components in object-oriented programs using dynamic analysis and clustering},
	author={Allier, Simon and Sahraoui, Houari A and Sadou, Salah},
	booktitle={Proceedings of the 2009 Conference of the Center for Advanced Studies on Collaborative Research},
	pages={136--148},
	year={2009},
	organization={IBM Corp.}
}

@inproceedings{muller2000reverse,
	title={Reverse engineering: A roadmap},
	author={M{\"u}ller, Hausi A and Jahnke, Jens H and Smith, Dennis B and Storey, Margaret-Anne and Tilley, Scott R and Wong, Kenny},
	booktitle={Proceedings of the Conference on the Future of Software Engineering},
	pages={47--60},
	year={2000},
	organization={ACM}
}

@inproceedings{GarlanSAR2000,
	author = {Garlan, David},
	title = {Software Architecture: A Roadmap},
	booktitle = {Proceedings of the Conference on The Future of Software Engineering},
	series = {ICSE '00},
	year = {2000},
	isbn = {1-58113-253-0},
	location = {Limerick, Ireland},
	pages = {91--101},
	numpages = {11},
	url = {http://doi.acm.org/10.1145/336512.336537},
	doi = {10.1145/336512.336537},
	acmid = {336537},
	publisher = {ACM},
	address = {New York, NY, USA},
	keywords = {software architecture, software design, software engineering},
} 

@inproceedings{berger2013survey,
  title={A survey of variability modeling in industrial practice},
  author={Berger, Thorsten and Rublack, Ralf and Nair, Divya and Atlee, Joanne M and Becker, Martin and Czarnecki, Krzysztof and W{\k{a}}sowski, Andrzej},
  booktitle={Proceedings of the Seventh International Workshop on Variability Modelling of Software-intensive Systems},
  pages={7},
  year={2013},
  organization={ACM}
}
